<record><leader>00000cas a2200000 a 4500</leader><controlfield tag="001">9485071</controlfield><controlfield tag="008">830506d187519uualuwr ne      0    0eng c</controlfield><datafield ind1=" " ind2=" " tag="010"><subfield code="a">sn 84023612 </subfield></datafield><datafield ind1=" " ind2=" " tag="040"><subfield code="a">ANO</subfield><subfield code="b">eng</subfield><subfield code="c">ANO</subfield><subfield code="d">NPX</subfield><subfield code="d">CPN</subfield><subfield code="d">OCL</subfield><subfield code="d">CPN</subfield><subfield code="d">OCLCQ</subfield><subfield code="d">CUI</subfield><subfield code="d">OCLCQ</subfield><subfield code="d">OCLCF</subfield></datafield><datafield ind1=" " ind2=" " tag="019"><subfield code="a">12284249</subfield></datafield><datafield ind1="1" ind2=" " tag="029"><subfield code="a">AU@</subfield><subfield code="b">000024656071</subfield></datafield><datafield ind1=" " ind2=" " tag="042"><subfield code="a">pcc</subfield></datafield><datafield ind1=" " ind2=" " tag="043"><subfield code="a">n-us-al</subfield></datafield><datafield ind1=" " ind2="4" tag="050"><subfield code="a">AN</subfield></datafield><datafield ind1="0" ind2=" " tag="130"><subfield code="a">North Alabamian (Tuscumbia, Ala. : 1875)</subfield></datafield><datafield ind1="1" ind2="0" tag="245"><subfield code="a">North Alabamian.</subfield></datafield><datafield ind1=" " ind2=" " tag="260"><subfield code="a">Tuscumbia, Ala. :</subfield><subfield code="b">A.H. Keller,</subfield><subfield code="c">1875-</subfield></datafield><datafield ind1=" " ind2=" " tag="300"><subfield code="a">v. :</subfield><subfield code="b">ill. ;</subfield><subfield code="c">54 cm.</subfield></datafield><datafield ind1=" " ind2=" " tag="310"><subfield code="a">Weekly</subfield></datafield><datafield ind1="0" ind2=" " tag="362"><subfield code="a">Old ser. vol. 42, no. 13 (Jan. 7, 1875) = New Ser. vol. 1, no. 1-</subfield></datafield><datafield ind1=" " ind2=" " tag="500"><subfield code="a">Editor: A.H. Keller, 1875-&lt;1896&gt;.</subfield></datafield><datafield ind1=" " ind2=" " tag="500"><subfield code="a">"Democratic." Cf. Ellison, R.C. Hist. and bibliography of Ala. newspapers in the 19th cent.</subfield></datafield><datafield ind1=" " ind2="0" tag="651"><subfield code="a">Tuscumbia (Ala.)</subfield><subfield code="v">Newspapers.</subfield></datafield><datafield ind1=" " ind2="0" tag="651"><subfield code="a">Colbert County (Ala.)</subfield><subfield code="v">Newspapers.</subfield></datafield><datafield ind1=" " ind2="7" tag="655"><subfield code="a">Newspapers.</subfield><subfield code="2">fast</subfield><subfield code="0">(OCoLC)fst01423814</subfield></datafield><datafield ind1=" " ind2="7" tag="651"><subfield code="a">Alabama</subfield><subfield code="z">Colbert County.</subfield><subfield code="2">fast</subfield><subfield code="0">(OCoLC)fst01212035</subfield></datafield><datafield ind1=" " ind2="7" tag="651"><subfield code="a">Alabama</subfield><subfield code="z">Tuscumbia.</subfield><subfield code="2">fast</subfield><subfield code="0">(OCoLC)fst01216826</subfield></datafield><datafield ind1="1" ind2=" " tag="700"><subfield code="a">Keller, Arthur Henley,</subfield><subfield code="d">1836-1896.</subfield></datafield><datafield ind1=" " ind2=" " tag="752"><subfield code="a">United States</subfield><subfield code="b">Alabama</subfield><subfield code="c">Colbert</subfield><subfield code="d">Tuscumbia.</subfield></datafield><datafield ind1="0" ind2="0" tag="780"><subfield code="t">North Alabamian and times</subfield><subfield code="w">(DLC)sn 85033495</subfield><subfield code="w">(OCoLC)9485165</subfield></datafield><datafield ind1="0" ind2="5" tag="780"><subfield code="t">Tuscumbia democrat</subfield><subfield code="w">(DLC)sn 87050260</subfield><subfield code="w">(OCoLC)9191260</subfield></datafield><datafield ind1="0" ind2="5" tag="780"><subfield code="t">Weekly dispatch (Tuscumbia, Ala. : 1890)</subfield><subfield code="w">(DLC)sn 89050004</subfield><subfield code="w">(OCoLC)19069042</subfield></datafield></record>